<record><leader>00000cas a22000007a 4500</leader><controlfield tag="001">9424447</controlfield><controlfield tag="008">830419d18651881mouwr ne      0    0eng d</controlfield><datafield ind1=" " ind2=" " tag="010"><subfield code="a">sn 83025399 </subfield></datafield><datafield ind1=" " ind2=" " tag="040"><subfield code="a">NPV</subfield><subfield code="b">eng</subfield><subfield code="c">NPV</subfield><subfield code="d">NPU</subfield><subfield code="d">NPX</subfield><subfield code="d">MQN</subfield><subfield code="d">OCLCQ</subfield></datafield><datafield ind1=" " ind2=" " tag="042"><subfield code="a">msc</subfield></datafield><datafield ind1=" " ind2=" " tag="043"><subfield code="a">n-us-mo</subfield></datafield><datafield ind1=" " ind2=" " tag="045"><subfield code="a">w6w8</subfield></datafield><datafield ind1=" " ind2=" " tag="052"><subfield code="a">4163</subfield><subfield code="b">P45</subfield></datafield><datafield ind1="0" ind2=" " tag="130"><subfield code="a">Weekly Sedalia times (Sedalia, Mo. : 1865)</subfield></datafield><datafield ind1="1" ind2="0" tag="245"><subfield code="a">Weekly Sedalia times.</subfield></datafield><datafield ind1=" " ind2=" " tag="260"><subfield code="a">Sedalia, Mo. :</subfield><subfield code="b">Stafford &amp; Magann,</subfield><subfield code="c">1865-1878.</subfield></datafield><datafield ind1=" " ind2=" " tag="300"><subfield code="a">v. :</subfield><subfield code="b">ill. (chiefly advertisements) ;</subfield><subfield code="c">54-71 cm.</subfield></datafield><datafield ind1=" " ind2=" " tag="310"><subfield code="a">Weekly</subfield></datafield><datafield ind1="0" ind2=" " tag="362"><subfield code="a">Vol. 1, no. 1 (Mar. 31, 1865)-v. 14, no. 50 (Dec. 12, 1878).</subfield></datafield><datafield ind1=" " ind2=" " tag="752"><subfield code="a">United States</subfield><subfield code="b">Missouri</subfield><subfield code="c">Pettis</subfield><subfield code="d">Sedalia.</subfield></datafield><datafield ind1="0" ind2="0" tag="785"><subfield code="t">Sedalia weekly times</subfield><subfield code="w">(DLC)sn 90061093</subfield></datafield></record>